@article{variance,
  title={Algorithms for computing the sample variance: analysis and recommendations},
  author={Chan, T.F. and Golub, G.H. and LeVeque, R.J.},
  journal={American Statistician},
  pages={242--247},
  year={1983},
  publisher={JSTOR}
}

@article{LRE,
  title={{Assessing the reliability of statistical software: Part I}},
  author={McCullough, B.D.},
  journal={American Statistician},
  pages={358--366},
  year={1998},
  publisher={JSTOR}
}

@misc{nist,
  title     = {{NIST Statistical Reference Datasets}},
  howpublished = {http://www.itl.nist.gov/div898/strd}
  }



@misc{hadoop,
  title     = {{Apache Hadoop}},
  howpublished = {http://hadoop.apache.org/}
  }


@BOOK{numStabBook,
TITLE={Accuracy and Stability of Numerical Algorithms},
AUTHOR={Nicholas J. Higham},
year = {2002},
edition = {2nd},
publisher = {SIAM}

}
%publisher = {Society for Industrial and Applied Mathematics}


@inproceedings{cm,
  title={Numerically stable, single-pass, parallel statistics algorithms},
  author={Bennett, J. and Grout, R. and P{\'e}bay, P. and Roe, D. and Thompson, D.},
  booktitle={IEEE International Conference on Cluster Computing and Workshops},
  pages={1--8},
  year={2009},
  organization={IEEE}
}

misc{ netezza,
TITLE={Netezza Database User's Guide},
HOWPUBLISHED={http://www.scribd.com/doc/45005661/Netezza-Database-Users-Guide}
}

@misc{ teradata,
TITLE={{Teradata RDBMS SQL Reference -- Functions and Operators}},
HOWPUBLISHED={http://www.teradataforum.com/teradata\_pdf/b035-1101-122a\_5.pdf}
}

@inproceedings{pig,
  title={{PIG Latin: A not-so-foreign language for data processing}},
  author={Olston, C. and Reed, B. and Srivastava, U. and Kumar, R. and Tomkins, A.},
  booktitle={Proceedings of the 2008 ACM SIGMOD international conference on Management of data},
  pages={1099--1110},
  year={2008},
  organization={ACM}
}

@inproceedings{hive,
  title={{HIVE - A petabyte scale data warehouse using Hadoop}},
  author={Thusoo, A. and Sarma, J.S. and Jain, N. and Shao, Z. and Chakka, P. and Zhang, N. and Antony, S. and Liu, H. and Murthy, R.},
  booktitle={Proceedings of the 2010 IEEE 26th International Conference on data Data Engineering (ICDE)},
  pages={996--1005},
  year={2010},
  organization={IEEE}
}

@article{jaql,
  title={{JAQL: A Scripting Language for Large Scale Semistructured Data Analysis}},
  author={Beyer, K.S. and Ercegovac, V. and Gemulla, R. and Balmin, A. and Eltabakh, M. and Kanne, C.C. and Ozcan, F. and Shekita, E.J.},
  journal={Proceedings of the VLDB Endowment},
  volume={4},
  number={12},
  year={2011}
}

@MISC{terasort,
HOWPUBLISHED={http://sortbenchmark.org/Yahoo2009.pdf}
}
%title={Winning a 60 Second Dash with a Yellow Elephant},
%AUTHOR={Owen O'Malley and Arun C. Murthy},

@inproceedings{systemml,
  title={{SystemML: Declarative machine learning on MapReduce}},
  author={Ghoting, A. and Krishnamurthy, R. and Pednault, E. and Reinwald, B. and Sindhwani, V. and Tatikonda, S. and Tian, Y. and Vaithyanathan, S.},
  booktitle={Proceedings of the 2011 IEEE 27th International Conference on data Data Engineering (ICDE)},
  pages={231--242},
  organization={IEEE}
}

@misc{biginsights,
title     = "{IBM InfoSphere BigInsights}",
HOWPUBLISHED={http://www-01.ibm.com/software/data/infosphere/biginsights/}
}

@misc{hadoop,
title="{Apache Hadoop}",
howpublished={http://hadoop.apache.org/}
}

@article{blum1973time,
  title={Time bounds for selection},
  author={Blum, M. and Floyd, R.W. and Pratt, V. and Rivest, R.L. and Tarjan, R.E.},
  journal={Journal of Computer and System Sciences},
  volume={7},
  number={4},
  pages={448--461},
  year={1973},
  publisher={Elsevier}
}

@article{bader2004improved,
  title={An improved, randomized algorithm for parallel selection with an experimental study},
  author={Bader, D.A.},
  journal={Journal of Parallel and Distributed Computing},
  volume={64},
  number={9},
  pages={1051--1059},
  year={2004}
}


@article{negro1997efficient,
  title={Efficient distributed selection with bounded messages},
  author={Negro, A. and Santoro, N. and Urrutia, J.},
  journal={IEEE Transactions on Parallel and Distributed Systems},
  volume={8},
  number={4},
  pages={397--401},
  year={1997},
  publisher={IEEE}
}

@inproceedings{shrira1983distributed,
  title={Distributed k-selection: From a sequential to a distributed algorithm},
  author={Shrira, L. and Francez, N. and Rodeh, M.},
  booktitle={Proceedings of the second annual ACM symposium on Principles of Distributed Computing (PODC)},
  pages={143--153},
  year={1983}
}

@article{chaudhuri1993approximate,
  title={Approximate and exact deterministic parallel selection},
  author={Chaudhuri, S. and Hagerup, T. and Raman, R.},
  journal={Mathematical Foundations of Computer Science},
  pages={352--361},
  year={1993}
}

@article{kahan1965further,
  title={Further remarks on reducing truncation errors},
  author={Kahan, W.},
  journal={Communications of the ACM},
  volume={8},
  number={1},
  pages={40},
  year={1965}
}

@article{mccullough1999accuracy,
  title={{On the accuracy of statistical procedures in Microsoft Excel 97}},
  author={McCullough, B.D. and Wilson, B.},
  journal={Computational Statistics \& Data Analysis},
  volume={31},
  number={1},
  pages={27--38},
  year={1999},
  publisher={Amsterdam: North-Holland Pub. Co., 1983-}
}

@article{mccullough2002accuracy,
  title={{On the accuracy of statistical procedures in Microsoft Excel 2000 and Excel XP}},
  author={McCullough, B.D. and Wilson, B.},
  journal={Computational Statistics \& Data Analysis},
  volume={40},
  number={4},
  pages={713--721},
  year={2002},
  publisher={Elsevier Science Publishers BV}
}

@article{mccullough2005accuracy,
  title={{On the accuracy of statistical procedures in Microsoft Excel 2003}},
  author={McCullough, B.D. and Wilson, B.},
  journal={Computational Statistics \& Data Analysis},
  volume={49},
  number={4},
  pages={1244--1252},
  year={2005},
  publisher={Elsevier}
}

@article{mccullough2008accuracy,
  title={{On the accuracy of statistical procedures in Microsoft Excel 2007}},
  author={McCullough, BD and Heiser, D.A.},
  journal={Computational Statistics \& Data Analysis},
  volume={52},
  number={10},
  pages={4570--4578},
  year={2008},
  publisher={Elsevier}
}

@inproceedings{nips06,
  title={Map-reduce for machine learning on multicore},
  author={Chu, C.T. and Kim, S.K. and Lin, Y.A. and Yu, Y.Y. and Bradski, G. and Ng, A.Y. and Olukotun, K.},
  booktitle={Proceedings of the 2006 Conference on Advances in Neural Information Processing Systems (NIPS)},
  pages={281--288},
  year={2006},
  organization={The MIT Press}
}

@inproceedings{ekanayake2008mapreduce,
  title={Mapreduce for data intensive scientific analyses},
  author={Ekanayake, J. and Pallickara, S. and Fox, G.},
  booktitle={Fourth IEEE International Conference on eScience},
  pages={277--284},
  year={2008},
  organization={IEEE}
}

@misc{gillick2008mapreduce,
  title={Mapreduce: Distributed computing for machine learning},
  author={Gillick, D. and Faria, A. and DeNero, J.},
  year={2008}
}
