@BOOK{numStabBook,
TITLE={Accuracy and Stability of Numerical Algorithms},
AUTHOR={Nicholas J. Higham},
year = {2002},
edition = {2nd},
publisher = {SIAM}

}
%publisher = {Society for Industrial and Applied Mathematics}


@inproceedings{cm,
  title={Numerically stable, single-pass, parallel statistics algorithms},
  author="J. {Bennett et al.}",
  BOOKTITLE={Cluster},
  year={2009}
}

%  booktitle={Cluster Computing and Workshops, 2009. CLUSTER'09. IEEE International Conference on},
%  pages={1--8},

misc{ netezza,
TITLE={Netezza Database User’s Guide},
HOWPUBLISHED={http://www.scribd.com/doc/45005661/Netezza-Database-Users-Guide}
}

@misc{ teradata,
TITLE={{Teradata RDBMS SQL Reference -- Functions and Operators}},
HOWPUBLISHED={http://www.teradataforum.com/teradata\_pdf/b035-1101-122a\_5.pdf}
}

@inproceedings{pig,
  author    = "Christopher {Olston et al.}",
  title     = {Pig latin: {A} not-so-foreign language for data processing},
  booktitle = {SIGMOD},

 year      = {2008}
}
 % pages     = {1099-1110},


@INPROCEEDINGS{hive,
author="Ashish {Thusoo et al.}",
booktitle={ICDE}, 
title={Hive - a petabyte scale data warehouse using Hadoop},

year={2010}
}
%pages={996 -1005},


@INPROCEEDINGS{jaql,
title={{JAQL: A Scripting Language for Large Scale Semistructured Data Analysis}},
BOOKTITLE={VLDB},
AUTHOR="Kevin {Beyer et al.}",
year={2011}
}

@MISC{terasort,
HOWPUBLISHED={http://sortbenchmark.org/Yahoo2009.pdf}
}
%title={Winning a 60 Second Dash with a Yellow Elephant},
%AUTHOR={Owen O'Malley and Arun C. Murthy},

@inproceedings{systemml,
  author    = "Amol {Ghoting et al.}",
  title     = {{SystemML: Declarative Machine Learning on MapReduce}},
  booktitle = {ICDE},
 year      = {2011}
}

@misc{biginsights,
title     = "{IBM InfoSphere BigInsights}",
HOWPUBLISHED={http://www-01.ibm.com/software/data/infosphere/biginsights/}
}

@misc{hadoop,
title="{Apache Hadoop}",
howpublished={http://hadoop.apache.org/}
}

@article{blum1973time,
  title={Time bounds for selection},
  author="M. {Blum et al.}",
  journal={JCSS},
  volume={7},
  number={4},

  year={1973}
}

%  pages={448--461},

@article{bader2004improved,
  title={An improved, randomized algorithm for parallel selection with an experimental study},
  author={Bader, D.A.},
  journal={JPDC},
  volume={64},
  number={9},

  year={2004}
}
%  pages={1051--1059},


@article{negro1997efficient,
  title={Efficient distributed selection with bounded messages},
  author={Negro, A. and Santoro, N. and Urrutia, J.},
  journal={Parallel and Distributed Systems, IEEE Transactions on},
  volume={8},
  number={4},
  pages={397--401},
  year={1997},
  publisher={IEEE}
}

@inproceedings{shrira1983distributed,
  title={Distributed k-selection: From a sequential to a distributed algorithm},
  author={Shrira, L. and Francez, N. and Rodeh, M.},
  booktitle={PODC},

  year={1983}
}
%  pages={143--153},

@article{chaudhuri1993approximate,
title={Approximate and exact deterministic parallel selection},
author={Chaudhuri, S. and Hagerup, T. and Raman, R.},
journal={MFCS},
year={1993}
}
%pages={352--361},

@article{kahan1965further,
  title={Further remarks on reducing truncation errors},
  author={Kahan, W.},
  journal={Comm. ACM},
  volume={8},
  number={1},
  pages={40},
  year={1965}
}

