@inproceedings{boom10,
  author    = {Peter Alvaro and
               Tyson Condie and
               Neil Conway and
               Khaled Elmeleegy and
               Joseph M. Hellerstein and
               Russell Sears},
  title     = {Boom analytics: exploring data-centric, declarative programming
               for the cloud},
  booktitle = {EuroSys},
  year      = {2010},
  pages     = {223-236}
}

@inproceedings{msrwww10,
  author    = {Chao Liu and
               Hung-chih Yang and
               Jinliang Fan and
               Li-Wei He and
               Yi-Min Wang},
  title     = {Distributed nonnegative matrix factorization for web-scale
               dyadic data analysis on mapreduce},
  booktitle = {WWW},
  year      = {2010},
  pages     = {681-690}
}

@inproceedings{ricardo,
  author    = {S. Das and Y. Sismanis and K.S. Beyer and R. Gemulla and P.J. Haas and J. McPherson},
  title     = {Ricardo: Integrating R and Hadoop},
  booktitle = {SIGMOD},
  year      = {2010}
}

@inproceedings{SVMgpu,
  title    = {Fast Support Vector Machine Training and Classification on Graphics Processors},
  author     = {B. Catanzaro and N. Sundaram and K. Keutzer},
  booktitle = {ICML},
  year      = {2008}
}


@techreport{PageRank,
    Author = {L. Page and S. Brin and R. Motwani and T. Winograd},
    Title = {The PageRank Citation Ranking: Bringing Order to the Web},
    Institution = {Stanford University},
    Year = {1999}
}


@misc{rhipe,
  author    = {S. Guha},
  title     = {RHIPE: R and Hadoop Integrated Processing Environment},
  howpublished= {http://ml.stat.purdue.edu/rhipe}
}

@misc{snow,
 	title    = {SNOW: Simple Network of WorkStations},
  author     = {L. Tierney and A. J. Rossini and N. Li and H. Sevcikova},
  howpublished= {http://cran.r-project.org/web/packages/snow}
}


@techreport{Zaharia:EECS-2010-53,
    Author = {Zaharia, Matei and Chowdhury, N. M. Mosharaf and Franklin, Michael and Shenker, Scott and Stoica, Ion},
    Title = {Spark: Cluster Computing with Working Sets},
    Institution = {EECS Department, University of California, Berkeley},
    Year = {2010},
    Month = {May},
    Number = {UCB/EECS-2010-53}
}

@article{planet,
  author    = {Biswanath Panda and
               Joshua Herbach and
               Sugato Basu and
               Roberto J. Bayardo},
  title     = {PLANET: Massively Parallel Learning of Tree Ensembles with
               MapReduce},
  journal   = {PVLDB},
  volume    = {2},
  number    = {2},
  year      = {2009},
  pages     = {1426-1437},
}

@inproceedings{phoenix,
 author = {Ranger, Colby and Raghuraman, Ramanan and Penmetsa, Arun and Bradski, Gary and Kozyrakis, Christos},
 title = {Evaluating MapReduce for Multi-core and Multiprocessor Systems},
 booktitle = {HPCA '07: Proceedings of the 2007 IEEE 13th International Symposium on High Performance Computer Architecture},
 year = {2007} 
 }

@inproceedings{nips06,
  author    = {Cheng-Tao Chu and
               Sang Kyun Kim and
               Yi-An Lin and
               YuanYuan Yu and
               Gary R. Bradski and
               Andrew Y. Ng and
               Kunle Olukotun},
  title     = {Map-Reduce for Machine Learning on Multicore},
  booktitle = {NIPS},
  year      = {2006},
  pages     = {281-288}
}

@inproceedings{pegasusICDM2009,
  author    = {U Kang and Charalampos E. Tsourakakis and Christos Faloutsos},
  title     = {PEGASUS: A Peta-scale Graph Mining System - Implementation and Observations},
  booktitle = {ICDM},
  year      = {2009}
}

@inproceedings{DryadLinq2008,
  author    = {Yuan Yu and Michael Isard and Dennis Fetterly and Mihai Budiu and Ulfar Erlingsson and Pradeep Kumar Gunda and Jon Currey},
  title     = {DryadLINQ: A System for General-Purpose Distributed Data-Parallel Computing Using a High-Level Language},
  booktitle = {Symposium on Operating System Design and Implementation (OSDI)},
  year      = {2008}
}


@inproceedings{googlewww07,
  author    = {Abhinandan Das and
               Mayur Datar and
               Ashutosh Garg and
               ShyamSundar Rajaram},
  title     = {Google news personalization: scalable online collaborative
               filtering},
  booktitle = {WWW},
  year      = {2007},
  pages     = {271-280}
}

@article{scope,
 author = {Chaiken, Ronnie and Jenkins, Bob and Larson, Per-Ake and Ramsey, Bill and Shakib, Darren and Weaver, Simon and Zhou, Jingren},
 title = {SCOPE: easy and efficient parallel processing of massive data sets},
 journal = {Proc. VLDB Endow.},
 volume = {1},
 number = {2},
 year = {2008}
 }
 
 @article{KeerthiSVM,
 author = {Sathiya Keerthi and Denis Decoste},
 title = {A Modified Finite Newton Method for Fast Solution of Large Scale Linear SVMs },
 journal = {Journal of Machine Learning Research},
 volume = {6 (Mar)},
 pages = {341 -- 361},
 year = {2005}
 }

 
 @inproceedings{LeeSeungGNMF,
 author = {Daniel Lee and H. Sebastian Seung},
 title = { Algorithms for Non-negative Matrix Factorization },
 journal = {Neural Information Processing Systems (NIPS)},
 year = {2001}
 }


@inproceedings{cascadesvm,
  author    = {Hans Peter Graf and
               Eric Cosatto and
               Leon Bottou and
               Igor Durdanovic and
               Vladimir Vapnik},
  title     = {Parallel Support Vector Machines: The Cascade SVM},
  booktitle = {NIPS},
  year      = {2004}
}

@inproceedings{paralleltutorial,
 author = {Chang, Edward Y. and Bai, Hongjie and Zhu, Kaihua},
 title = {Parallel algorithms for mining large-scale rich-media data},
 booktitle = {MM '09: Proceedings of the seventeen ACM international conference on Multimedia},
 year = {2009}
 }

@inproceedings{parallelnmf,
  author    = {Stefan A. Robila and
 Lukasz G. Maciak},
  title     = {A parallel unmixing algorithm for hyperspectral images},
  booktitle = {Intelligent Robots and Computer Vision},
  year      = {2006}
}

@article{survey99,
 author = {Provost, Foster and Kolluri, Venkateswarlu},
 title = {A Survey of Methods for Scaling Up Inductive Algorithms},
 journal = {Data Min. Knowl. Discov.},
 volume = {3},
 number = {2},
 year = {1999}
 }

@article{mapreduce,
  author    = {Jeffrey Dean and
               Sanjay Ghemawat},
  title     = {MapReduce: simplified data processing on large clusters},
  journal   = {CACM},
  volume    = {51},
  number    = {1},
  year      = {2008},
  pages     = {107-113}
}

@misc{hadoop,
  author    = {Apache},
  title     = {Apache Hadoop},
  howpublished = {http://hadoop.apache.org/}
  }

@misc{mahout,
  author    = {Apache},
  title     = {Apache Mahout},
  howpublished = {http://mahout.apache.org/}
  }

@misc{hama,
  author    = {Apache},
  title     = {Apache Hama Project},
  howpublished = {http://incubator.apache.org/hama}
  }

@misc{R,
  author    = {R team},
  title     = {The R Project for Statistical Computing},
  howpublished = {http://www.r-project.org}
  }

@misc{Rmanual,
  author    = {R team},
  title     = {R Language Definition},
  howpublished = {http://cran.r-project.org/manuals/R-lang.html}
  }

@misc{matlab,
  author    = {Mathworks},
  title     = {Matlab},
  howpublished = {http://www.mathworks.com}
  }

@article{pig,
 author = {Gates, Alan F. and Natkovich, Olga and Chopra, Shubham and Kamath, Pradeep and Narayanamurthy, Shravan M. and Olston, Christopher and Reed, Benjamin and Srinivasan, Santhosh and Srivastava, Utkarsh},
 title = {Building a high-level dataflow system on top of Map-Reduce: the Pig experience},
 journal = {Proc. VLDB Endow.},
 volume = {2},
 issue = {2},
 year = {2009},
 pages = {1414--1425}
}
